<?xml version="1.0" encoding="UTF-8"?><collection xmlns="http://www.loc.gov/MARC21/slim"><record><leader>00505nam--2200169-u-4500</leader><controlfield tag="001">000054854</controlfield><controlfield tag="002">20161230</controlfield><controlfield tag="005">20161230201051</controlfield><controlfield tag="008">120621s1000------------r-----000-0-eng-d</controlfield><datafield ind1=" " ind2=" " tag="040"><subfield code="a">IFIN-HH</subfield></datafield><datafield ind1=" " ind2=" " tag="080"><subfield code="a">539.172.3:538.9(043)</subfield></datafield><datafield ind1="1" ind2=" " tag="100"><subfield code="a">Bohm, Christian</subfield></datafield><datafield ind1="1" ind2="0" tag="245"><subfield code="a">Methods and some applications of depth selective conversion electron mossbauer spectroscopy</subfield><subfield code="b">These</subfield><subfield code="c">Christian bohm</subfield></datafield><datafield ind1=" " ind2=" " tag="260"><subfield code="a">Stockholm</subfield><subfield code="b">University</subfield><subfield code="c">1979</subfield></datafield><datafield ind1=" " ind2=" " tag="300"><subfield code="a">21P</subfield></datafield><datafield ind1=" " ind2=" " tag="852"><subfield code="a">71158</subfield><subfield code="c">539.17</subfield></datafield><datafield ind1=" " ind2=" " tag="CAT"><subfield code="a">Sys</subfield><subfield code="c">20120621</subfield><subfield code="h">153449</subfield></datafield></record></collection>